% Encoding: UTF-8
@STRING{ACM = "The OX Association for Computing Machinery"}
%Bib-File fuer MRT-Vorlage-Literaturzitate

@STRING{mrt = {FG Mess- und Regelungstechnik}}
@STRING{STOC = "Symposium on the Theory of Computing"}
@STRING{uniks = {Universität Kassel}}

@InProceedings{Schramm2019,
  author    = {Sebastian Schramm and Robert Schmoll and Andreas Kroll},
  title     = {Compensation of the Size-of-Source Effect of Infrared Cameras Using Image Processing Methods},
  booktitle = {13th International Conference on Sensing Technology (ICST)},
  year      = {2019},
  address   = {Sydney, Australia},
}

@PhdThesis{OrdonezMueller2018,
  author    = {Ordonez Müller, Antonio Rafael},
  title     = {Close range 3D thermography: real-time reconstruction of high fidelity 3D thermograms},
  year      = {2018},
  file      = {:OrdonezMueller2018/OrdonezMueller2018.pdf:PDF},
  groups    = {3D-Thermografie},
  owner     = {schramm},
  school    = {Universität Kassel},
  timestamp = {2018.07.16},
}

@misc{qmlTypeList,
title = {Liste aller QML Types},
howpublished = {\url{https://doc.qt.io/qt-6/qtquick-qmlmodule.html}},
note = {Accessed:[15.06.2023]}
}

@misc{LarsKistner2017,
  author = {Lars Kistner},
  title = {Konzeptionierung und Umsetzung einer serviceorientierten verteilten Automatisierungs-Architektur für die heterogene Modellfabrik µPlant},
  year = {2017},
  school = {Universität Kassel},
  timestamp = {27.06.2017}
}

@misc{
  Hübler2019,
  author = {Sebastian Hübler},
  title = {BPS Tätigkeits- und Erfahrungsbericht: Objekterkennung und Verfolgung mittels Kamera in Produktionsanlagen am Beispiel der Modellfabrik µPlant},
  year = {2019},
  school = {Universität Kassel},
  timestamp = {12.04.2019}
}

@misc{qtWikiHistory,
  title = {Qt History on Qt Wiki },
  howpublished = {\url{https://wiki.qt.io/Qt_History}},
  note = {Accessed: [13.06.2023]}
}

@misc{pysideSignalSlot,
  title = {Signal and Slot in PySide6 Framework},
  howpublished = {\url{https://doc.qt.io/qtforpython-6/PySide6/QtCore/Slot.html}},
  note = {Accessed: [13.06.2023]}
}

@misc{pysideQtQuick,
  title = {PySide6 QtQuick},
  howpublished = {\url{https://doc.qt.io/qtforpython-6/PySide6/QtQuick/index.html}},
  note = {Accessed: [14.06.2023]}
}

@misc{pysideQtWidgets,
  title = {PySide6 QtWidgets},
  howpublished = {\url{https://doc.qt.io/qtforpython-6/PySide6/QtWidgets/index.html}},
  note = {Accessed: [14.06.2023]}
}

@misc{qtModelView,
title = {Qt: Model/View - Programming},
howpublished = {\url{https://doc.qt.io/qt-6/model-view-programming.html}},
note = {Accessed: [14.06.2023]}
}

@misc{ModbusOrg,
  title = {Modbus Organization},
  howpublished = {\url{http://www.modbus.org}},
  note = {Accessed: [12.06.2023]}
}

@misc{pepDocstrings,
title = {PEP 257 – Docstring Conventions},
howpublished = {\url{https://peps.python.org/pep-0257/}},
note = {Accessed: [19.06.2023]}

}

@misc{sphinxRST,
title = {Restructured Text Syntax},
howpublished = {\url{https://thomas-cokelaer.info/tutorials/sphinx/rest_syntax.html}},
note = {Accessed: [19.06.2023]}
}

@misc{sphinxQS,
title = {SPHINX Getting Started},
howpublished = {\url{https://www.sphinx-doc.org/en/master/usage/quickstart.html}},
note = {Accessed: [19.06.2023]}
}


@misc{RTD,
title = {Read The Docs Homepage},
howpublished = {\url{https://readthedocs.org/}},
note = {Accessed: [19.06.2023]}
}

@misc{unittestHP,
title = {Python 3 Unittest - Unit testing framework} ,
howpublished = {\url{https://docs.python.org/3/library/unittest.html}},
note = {Accessed: [19.06.2023]}
}

@misc{pytestHP,
title = {Pytest Framework} ,
howpublished = {\url{https://docs.pytest.org/en/7.3.x/}},
note = {Accessed: [19.06.2023]}
}


@Article{OrdonezMueller2017,
  author    = {{Ordonez Müller}, Antonio and Kroll, Andreas},
  title     = {Generating High Fidelity 3-D Thermograms With a Handheld Real-Time Thermal Imaging System},
  journal   = {IEEE Sensors Journal},
  year      = {2017},
  volume    = {17},
  number    = {3},
  pages     = {774--783},
   doi       = {10.1109/JSEN.2016.2621166},
  file      = {:OrdonezMueller2017/OrdonezMueller2017.pdf:PDF},
  groups    = {3D-Thermografie},
  owner     = {schramm},
  timestamp = {2018.07.13},
}

@Book{2016-Book-Kroll-CIA,
  author    = {Andreas Kroll},
  title     = {Computational Intelligence -- Probleme, Methoden und technische Anwendungen},
  year      = {2016},
  language  = {german},
  note      = {2. überarb. Aufl., 448 Seiten},
  publisher = {deGruyter/Oldenbourg Verlag},
  isbn      = {978-3-11-040177-6},
  url       = {http://www.degruyter.com/view/product/447589},
  abstract  = {Das erste deutschsprachige Lehrbuch zum Thema Computational Intelligence
	für Ingenieure - praxisbezogen, gut verständlich, inhaltlich auf
	dem neuesten Stand. Mit Online-Zusatzmaterial. Produktinfo: Beschreibung,
	Analyse und Entwurf technischer Systeme werden zunehmend komplexer
	und erfordern neuartige Lösungsansätze. Durch die Natur inspiriert
	entstanden verschiedene Berechnungsverfahren, die im Wissenschaftsgebiet
	der Computational Intelligence (CI) zusammengefasst sind. Hierzu
	zählen die etablierten Kernbereiche der Fuzzy-Systeme, Künstliche
	Neuronale Netze und Evolutionäre Algorithmen sowie aus diesen zusammengeführte
	Hybride Methoden. Hinzu kommen die noch jungen Gebiete der Schwarmintelligenz
	und der künstlichen Immunsysteme. So bewegt sich die CI an der Schnittstelle
	zwischen Ingenieurswissenschaften und Informatik. Dieses Buch bietet
	eine gut verständliche, vereinheitlichende und anwendungsorientierte
	Einführung in das Thema und vermittelt Studenten und berufstätigen
	Ingenieuren das notwendige Fachwissen. Neben den methodischen Erläuterungen
	sind einfach nachvollziehbare Beispiele integriert, die die Funktion
	der Methoden veranschaulichen. Darüber hinaus wurden Praxisbeispiele
	zur Illustration der praktischen Relevanz aufgenommen. Die Musterlösungen
	für Dozenten können auf der geschützten Webseite http://141.51.48.24/MRT/Bibliothek/Compagnon/
	heruntergeladen werden.},
  address   = {München},
  owner     = {duerrbaum},
  timestamp = {2013.04.29},
}

@Patent{DPatent2017,
  author      = {Kroll, Andreas and Ordonez Müller, Antonio},
  title       = {Verfahren und Vorrichtung zum Erzeugen eines 3D-Thermogramms},
  number      = {DE 10 2017 1008 85 A1},
  year        = {2013},
  type        = {Patent},
  note        = {DE 10 2017 1008 85 A1},
  assignee    = {Universität Kassel},
  mrtnote     = {patent},
  nationality = {Deutsches},
  timestamp   = {2009.08.27},
}

@Misc{MRTToolbox2020,
  author       = {Daniela {Aguirre Salazar} and Sebastian Schramm},
  title        = {MRT Calibration Toolbox},
  howpublished = {{Stand: 11.11.2020}},
  url          = {https://github.com/MT-MRT/MRT-Camera-Calibration-Toolbox},
}

@Comment{jabref-meta: databaseType:biblatex;}
